<record><leader>00000cas a2200000 a 4500</leader><controlfield tag="001">11502615</controlfield><controlfield tag="008">841217c19479999hiuer ne     f0   a0eng d</controlfield><datafield ind1=" " ind2=" " tag="010"><subfield code="a">sn 88099787 </subfield></datafield><datafield ind1=" " ind2=" " tag="040"><subfield code="a">HUH</subfield><subfield code="b">eng</subfield><subfield code="c">HUH</subfield><subfield code="d">HWN</subfield><subfield code="d">NSD</subfield><subfield code="d">OCLCQ</subfield><subfield code="d">OCLCO</subfield></datafield><datafield ind1=" " ind2=" " tag="012"><subfield code="l">1</subfield></datafield><datafield ind1="1" ind2=" " tag="022"><subfield code="a">1073-8258</subfield><subfield code="l">1073-8258</subfield><subfield code="2">1</subfield></datafield><datafield ind1="1" ind2=" " tag="029"><subfield code="a">AU@</subfield><subfield code="b">000020534087</subfield></datafield><datafield ind1=" " ind2=" " tag="037"><subfield code="b">Pearl Harbor Naval Shipyard, 401 Ave E. #124, Pearl Harbor, HI 96860-5350</subfield></datafield><datafield ind1=" " ind2=" " tag="042"><subfield code="a">msc</subfield><subfield code="a">nsdp</subfield></datafield><datafield ind1=" " ind2=" " tag="043"><subfield code="a">n-us-hi</subfield></datafield><datafield ind1=" " ind2=" " tag="090"><subfield code="a">VA70.P4</subfield><subfield code="b">P39</subfield></datafield><datafield ind1=" " ind2="0" tag="222"><subfield code="a">Shipyard log</subfield></datafield><datafield ind1="0" ind2="0" tag="245"><subfield code="a">Shipyard log.</subfield></datafield><datafield ind1="1" ind2="3" tag="246"><subfield code="a">Pearl Harbor shipyard log</subfield><subfield code="f">Aug. 1952-Feb. 1985</subfield></datafield><datafield ind1=" " ind2=" " tag="260"><subfield code="a">[Pearl Harbor] :</subfield><subfield code="b">Pearl Harbor Naval Shipyard</subfield></datafield><datafield ind1=" " ind2=" " tag="300"><subfield code="a">v. :</subfield><subfield code="b">ill. ;</subfield><subfield code="c">41 cm.</subfield></datafield><datafield ind1=" " ind2=" " tag="310"><subfield code="a">Biweekly,</subfield><subfield code="b">&lt;1970&gt;-</subfield></datafield><datafield ind1=" " ind2=" " tag="321"><subfield code="a">Weekly,</subfield><subfield code="b">1947-&lt;1965&gt;</subfield></datafield><datafield ind1="1" ind2=" " tag="362"><subfield code="a">Began in 1947?</subfield></datafield><datafield ind1=" " ind2=" " tag="500"><subfield code="a">Published Aug. 1952-Feb. 1985 under variant title: Pearl Harbor shipyard log.</subfield></datafield><datafield ind1=" " ind2=" " tag="500"><subfield code="a">Special ed. issued July 31, 1958, called: 50th anniversary Pearl Harbor Naval Shipyard 1908-1958.</subfield></datafield><datafield ind1=" " ind2=" " tag="588"><subfield code="a">Description based on: Vol. 1, no. 15 (Apr. 24, 1947).</subfield></datafield><datafield ind1=" " ind2=" " tag="588"><subfield code="a">Latest issue consulted: Vol. 46, no. 23 (Nov. 12, 1993).</subfield></datafield><datafield ind1=" " ind2="0" tag="650"><subfield code="a">Navy-yards and naval stations</subfield><subfield code="z">Hawaii</subfield><subfield code="v">Newspapers.</subfield></datafield><datafield ind1="2" ind2="0" tag="610"><subfield code="a">Pearl Harbor Naval Shipyard</subfield><subfield code="v">Newspapers.</subfield></datafield><datafield ind1="2" ind2=" " tag="710"><subfield code="a">Pearl Harbor Naval Shipyard.</subfield></datafield><datafield ind1=" " ind2=" " tag="752"><subfield code="a">United States</subfield><subfield code="b">Hawaii</subfield><subfield code="c">Honolulu</subfield><subfield code="d">Pearl Harbor.</subfield></datafield></record>